@techreport{Choratch-2017,
    author = {Mike Choratch},
    title = {Proximate and ultimate analysis},
    institution = {Hazen Research, Inc},
    note = {From PDF \texttt{chns\_ipc\_ms\_blend3\_nrel2017}},
    year = {2017}
}

@article{Debiagi-2015,
    author = {Paulo Eduardo Amaral Debiagi and Chiara Pecchi and Giancarlo Gentile and Alessio Frassoldati and Alberto Cuoci and Tiziano Faravelli and Eliseo Ranzi},
    title = {Extractives Extend the Applicability of Multistep Kinetic Scheme of Biomass Pyrolysis},
    journal = {Energy \& Fuels},
    volume = {29},
    number = {10},
    pages = {6544-6555},
    year = {2015}
}

@article{Debiagi-2018,
    author = {P. Debiagi and G. Gentile and A. Cuoci and A. Frassoldati and E. Ranzi and T. Faravelli},
    title = {A predictive model of biochar formation and characterization},
    journal = {Journal of Analytical and Applied Pyrolysis},
    pages = {326-335},
    volume = {134},
    year = {2018}
}

@article{Herman-2017,
    author = {Jon Herman and Will Usher},
    title = {SALib: An open-source Python library for Sensitivity Analysis},
    journal = {Journal of Open Source Software},
    publisher = {The Open Journal},
    volume = {2},
    number = {9},
    pages = {97},
    year = {2017},
    doi = {10.21105/joss.00097},
    url = {https://doi.org/10.21105/joss.00097}
}

@article{Pecha-2018,
    author = {M. Brennan Pecha and Emilio Ramirez and Gavin M. Wiggins and Daniel Carpenter and Branden Kappes and Stuart Daw and Peter N. Ciesielski},
    title = {Integrated Particle- and Reactor-Scale Simulation of Pine Pyrolysis in a Fluidized Bed},
    journal = {Energy \& Fuels},
    volume = {32},
    number = {10},
    pages = {10683-10694},
    year = {2018}
}

@techreport{Starace-2020,
    author = {Anne Starace and Justin Sluiter},
    title = {Compositional analysis Blend3},
    institution = {National Renewable Energy Laboratory},
    note = {From Excel spreadsheet \texttt{comp\_analysis\_blend3\_fy17verification}},
    year = {2020}
}

@techreport{Unknown-2019,
    author = {Unknown Author},
    title = {CHN Analysis Report},
    institution = {Unknown institution},
    note = {From Excel spreadsheet \texttt{jw-pine-chn-report-jw190920}},
    year = {2019}
}

@techreport{Unknown-2020,
    author = {Unknown Author},
    title = {Summary normalized},
    institution = {Unknown institution},
    note = {From Excel spreadsheet \texttt{summary-normalized}},
    year = {2020}
}
